@IEEEtranBSTCTL{bstctl:etal,
  CTLuse_forced_etal = {yes},
  CTLmax_names_forced_etal = {3},
}

@IEEEtranBSTCTL{bstctl:nodash,
  CTLdash_repeated_names = {no},
}

@IEEEtranBSTCTL{bstctl:simpurl,
  CTLname_url_prefix = {Available: },
}

@inproceedings{smartphonepower,
author = {carroll, aaron and heiser, gernot},
title = {an analysis of power consumption in a smartphone},
booktitle = {proceedings of the 2010 usenix conference on usenix annual technical conference},
series = {usenixatc'10},
year = {2010},
location = {boston, ma},
pages = {21--21},
numpages = {1},
acmid = {1855861},
publisher = {usenix association},
address = {berkeley, ca, usa},
}

@inproceedings{AppScope,
author = {Yoon, Chanmin and Kim, Dongwon and Jung, Wonwoo and Kang, Chulkoo and Cha, Hojung},
title = {AppScope: application energy metering framework for android smartphones using kernel activity monitoring},
booktitle = {Proceedings of the 2012 USENIX conference on Annual Technical Conference},
series = {USENIX ATC'12},
year = {2012},
location = {Boston, MA},
pages = {36--36},
numpages = {1},
acmid = {2342857},
publisher = {USENIX Association},
address = {Berkeley, CA, USA},
} 

@inproceedings{powermodelsyscall,
author = {Pathak, Abhinav and Hu, Y. Charlie and Zhang, Ming and Bahl, Paramvir and Wang, Yi-Min},
title = {Fine-grained power modeling for smartphones using system call tracing},
booktitle = {Proceedings of the sixth conference on Computer systems},
series = {EuroSys '11},
year = {2011},
isbn = {978-1-4503-0634-8},
location = {Salzburg, Austria},
pages = {153--168},
numpages = {16},
doi = {10.1145/1966445.1966460},
acmid = {1966460},
publisher = {ACM},
address = {New York, NY, USA},
keywords = {energy, mobile, smartphone},
} 

@inproceedings{selfconstructive,
author = {Dong, Mian and Zhong, Lin},
title = {Self-constructive high-rate system energy modeling for battery-powered mobile systems},
booktitle = {Proceedings of the 9th international conference on Mobile systems, applications, and services},
series = {MobiSys '11},
year = {2011},
isbn = {978-1-4503-0643-0},
location = {Bethesda, Maryland, USA},
pages = {335--348},
numpages = {14},
doi = {10.1145/1999995.2000027},
acmid = {2000027},
publisher = {ACM},
address = {New York, NY, USA},
keywords = {energy modeling, low power, mobile systems},
} 

@inproceedings{accurateonline,
author = {Zhang, Lide and Tiwana, Birjodh and Qian, Zhiyun and Wang, Zhaoguang and Dick, Robert P. and Mao, Zhuoqing Morley and Yang, Lei},
title = {Accurate online power estimation and automatic battery behavior based power model generation for smartphones},
booktitle = {Proceedings of the eighth IEEE/ACM/IFIP international conference on Hardware/software codesign and system synthesis},
series = {CODES/ISSS '10},
year = {2010},
isbn = {978-1-60558-905-3},
location = {Scottsdale, Arizona, USA},
pages = {105--114},
numpages = {10},
doi = {10.1145/1878961.1878982},
acmid = {1878982},
publisher = {ACM},
address = {New York, NY, USA},
keywords = {battery, mobile phones, power modeling},
}

@inproceedings{isca11DVFS,
author = {Ma, Kai and Li, Xue and Chen, Ming and Wang, Xiaorui},
title = {Scalable power control for many-core architectures running multi-threaded applications},
booktitle = {Proceedings of the 38th annual international symposium on Computer architecture},
series = {ISCA '11},
year = {2011},
isbn = {978-1-4503-0472-6},
location = {San Jose, California, USA},
pages = {449--460},
numpages = {12},
doi = {10.1145/2000064.2000117},
acmid = {2000117},
publisher = {ACM},
address = {New York, NY, USA},
keywords = {chip multiprocessor, control theory, many-core architecture, power capping, power control, scalability, thread criticality},
} 
@inproceedings{VMpower,
author = {Kansal, Aman and Zhao, Feng and Liu, Jie and Kothari, Nupur and Bhattacharya, Arka A.},
title = {Virtual machine power metering and provisioning},
booktitle = {Proceedings of the 1st ACM symposium on Cloud computing},
series = {SoCC '10},
year = {2010},
isbn = {978-1-4503-0036-0},
location = {Indianapolis, Indiana, USA},
pages = {39--50},
numpages = {12},
url = {http://doi.acm.org/10.1145/1807128.1807136},
doi = {10.1145/1807128.1807136},
acmid = {1807136},
publisher = {ACM},
address = {New York, NY, USA},
keywords = {datacenter power management, power capping, virtualization},
} 
@inproceedings{micro06DVFS,
author = {Isci, Canturk and Buyuktosunoglu, Alper and Cher, Chen-Yong and Bose, Pradip and Martonosi, Margaret},
title = {An Analysis of Efficient Multi-Core Global Power Management Policies: Maximizing Performance for a Given Power Budget},
booktitle = {Proceedings of the 39th Annual IEEE/ACM International Symposium on Microarchitecture},
series = {MICRO 39},
year = {2006},
isbn = {0-7695-2732-9},
pages = {347--358},
numpages = {12},
doi = {10.1109/MICRO.2006.8},
acmid = {1194850},
publisher = {IEEE Computer Society},
 address = {Washington, DC, USA},
} 

@inproceedings{Koala,
author = {Snowdon, David C. and Le Sueur, Etienne and Petters, Stefan M. and Heiser, Gernot},
title = {Koala: a platform for OS-level power management},
booktitle = {Proceedings of the 4th ACM European conference on Computer systems},
series = {EuroSys '09},
year = {2009},
isbn = {978-1-60558-482-9},
location = {Nuremberg, Germany},
pages = {289--302},
numpages = {14},
doi = {10.1145/1519065.1519097},
acmid = {1519097},
publisher = {ACM},
address = {New York, NY, USA},
keywords = {dynamic voltage scaling, efficiency, energy, modelling, operating systems, power, power management},
} 

@inproceedings{tmapp,
author = {Issa, Joseph and Le, Quoc and Min, Soohong and Steinbrecher, Johann and Turlapati, Rajesh},
title = {TMAPP - Typical Mobile Applications Benchmark},
booktitle = {proceedings of the Seventh Annual Workshop on Modeling, Benchmarking and Simulation (MoBS)},
series = {MoBS 2011},
year = {2011},
location = {San Jose, CA},
}

@INPROCEEDINGS{characterinteractive, 
author={Gutierrez, A. and Dreslinski, R.G. and Wenisch, T.F. and Mudge, T. and Saidi, A. and Emmons, C. and Paver, N.}, 
booktitle={Workload Characterization (IISWC), 2011 IEEE International Symposium on}, title={Full-system analysis and characterization of interactive smartphone applications}, 
year={2011}, 
month={nov.}, 
volume={}, 
number={}, 
pages={81 -90}, 
keywords={3D graphics;UI-intensive interactive application;Web browser performance;World Wide Web;annual unit shipments;characterization;computer architects;consumer computing device;current-generation mobile platform;dynamic web content;full-system analysis;high level software abstraction;interactive gaming;interactive smartphone application;microarchitectural behavior;mobile system designer;rapid market growth;representative smartphone application;responsive user interfaces;smartphone model;interactive devices;smart phones;user interfaces;}, 
doi={10.1109/IISWC.2011.6114205}, 
ISSN={},
location = {Los Alamitos, CA, USA},
}

@inproceedings{diversebehavior,
author = {Xu, Qiang and Erman, Jeffrey and Gerber, Alexandre and Mao, Zhuoqing and Pang, Jeffrey and Venkataraman, Shobha},
title = {Identifying diverse usage behaviors of smartphone apps},
booktitle = {Proceedings of the 2011 ACM SIGCOMM conference on Internet measurement conference},
series = {IMC '11},
year = {2011},
isbn = {978-1-4503-1013-0},
location = {Berlin, Germany},
pages = {329--344},
numpages = {16},
doi = {10.1145/2068816.2068847},
acmid = {2068847},
publisher = {ACM},
address = {New York, NY, USA},
keywords = {app usage behavior, smartphone apps},
} 

@inproceedings{desktopTLP,
author = {Blake, Geoffrey and Dreslinski, Ronald G. and Mudge, Trevor and Flautner, Kriszti\'{a}n},
title = {Evolution of thread-level parallelism in desktop applications},
booktitle = {Proceedings of the 37th annual international symposium on Computer architecture},
series = {ISCA '10},
year = {2010},
isbn = {978-1-4503-0053-7},
location = {Saint-Malo, France},
pages = {302--313},
numpages = {12},
doi = {10.1145/1815961.1816000},
acmid = {1816000},
publisher = {ACM},
address = {New York, NY, USA},
keywords = {benchmarking, desktop applications, multi-core, thread level parallelism},
}

@inproceedings{transactionbased,
author = {Zhao, Xia and Guo, Yao and Chen, Xiangqun},
title = {Transaction-based adaptive dynamic voltage scaling for interactive applications},
booktitle = {Proceedings of the 14th ACM/IEEE international symposium on Low power electronics and design},
series = {ISLPED '09},
year = {2009},
isbn = {978-1-60558-684-7},
location = {San Fancisco, CA, USA},
pages = {255--260},
numpages = {6},
doi = {10.1145/1594233.1594294},
acmid = {1594294},
publisher = {ACM},
address = {New York, NY, USA},
keywords = {dynamic voltage and frequency scaling, interaction, scheduling},
} 

@INPROCEEDINGS{IADVS, 
author={Mingsong Bi and Crk, I. and Gniady, C.}, 
booktitle={High Performance Computer Architecture (HPCA), 2010 IEEE 16th International Symposium on}, title={IADVS: On-demand performance for interactive applications}, 
year={2010}, 
month={jan.}, 
volume={}, 
number={}, 
pages={1 -10}, 
keywords={CPU performance level;CPU power;CPU usage;IADVS;desktop systems;energy consumption;energy efficient CPU;fine-grained interaction capture system;interaction-aware dynamic voltage scaling;interactive applications;interactive workloads;mobile system;on-demand performance;power management;power-hungry processors;prediction accuracy;user-interaction-based CPU energy management;interactive systems;power aware computing;}, 
doi={10.1109/HPCA.2010.5416649}, 
ISSN={1530-0897},
}
@inproceedings{decomposition,
author = {Choi, Kihwan and Soma, Ramakrishna and Pedram, Massoud},
title = {Dynamic voltage and frequency scaling based on workload decomposition},
booktitle = {Proceedings of the 2004 international symposium on Low power electronics and design},
series = {ISLPED '04},
year = {2004},
isbn = {1-58113-929-2},
location = {Newport Beach, California, USA},
pages = {174--179},
numpages = {6},
doi = {10.1145/1013235.1013282},
acmid = {1013282},
publisher = {ACM},
address = {New York, NY, USA},
keywords = {dynamic voltage and frequency scaling, workload decomposition},
} 

@inproceedings{intothewild,
author = {Shye, Alex and Scholbrock, Benjamin and Memik, Gokhan},
title = {Into the wild: studying real user activity patterns to guide power optimizations for mobile architectures},
booktitle = {Proceedings of the 42nd Annual IEEE/ACM International Symposium on Microarchitecture},
series = {MICRO 42},
year = {2009},
isbn = {978-1-60558-798-1},
location = {New York, New York},
pages = {168--178},
numpages = {11},
doi = {10.1145/1669112.1669135},
acmid = {1669135},
publisher = {ACM},
address = {New York, NY, USA},
} 

@inproceedings{packandcap,
author = {Cochran, Ryan and Hankendi, Can and Coskun, Ayse K. and Reda, Sherief},
title = {Pack \& Cap: adaptive DVFS and thread packing under power caps},
booktitle = {Proceedings of the 44th Annual IEEE/ACM International Symposium on Microarchitecture},
series = {MICRO-44 '11},
year = {2011},
isbn = {978-1-4503-1053-6},
location = {Porto Alegre, Brazil},
pages = {175--185},
numpages = {11},
doi = {10.1145/2155620.2155641},
acmid = {2155641},
publisher = {ACM},
address = {New York, NY, USA},
} 

@inproceedings{redline,
author = {Yang, Ting and Liu, Tongping and Berger, Emery D. and Kaplan, Scott F. and Moss, J. Eliot B.},
title = {Redline: first class support for interactivity in commodity operating systems},
booktitle = {Proceedings of the 8th USENIX conference on Operating systems design and implementation},
series = {OSDI'08},
year = {2008},
location = {San Diego, California},
pages = {73--86},
numpages = {14},
acmid = {1855747},
publisher = {USENIX Association},
address = {Berkeley, CA, USA},
} 

@inproceedings{diversity,
author = {Falaki, Hossein and Mahajan, Ratul and Kandula, Srikanth and Lymberopoulos, Dimitrios and Govindan, Ramesh and Estrin, Deborah},
title = {Diversity in smartphone usage},
booktitle = {Proceedings of the 8th international conference on Mobile systems, applications, and services},
series = {MobiSys '10},
year = {2010},
isbn = {978-1-60558-985-5},
location = {San Francisco, California, USA},
pages = {179--194},
numpages = {16},
doi = {10.1145/1814433.1814453},
acmid = {1814453},
publisher = {ACM},
address = {New York, NY, USA},
keywords = {smartphone usage, user behavior},
} 

@inproceedings{anatomizing,
author = {Huang, Junxian and Xu, Qiang and Tiwana, Birjodh and Mao, Z. Morley and Zhang, Ming and Bahl, Paramvir},
title = {Anatomizing application performance differences on smartphones},
booktitle = {Proceedings of the 8th international conference on Mobile systems, applications, and services},
series = {MobiSys '10},
year = {2010},
isbn = {978-1-60558-985-5},
location = {San Francisco, California, USA},
pages = {165--178},
numpages = {14},
doi = {10.1145/1814433.1814452},
acmid = {1814452},
publisher = {ACM},
address = {New York, NY, USA},
keywords = {3G network, application performance, mobile web browsing, performance comparison, smartphone},
} 
@inproceedings{WhySlowBrowser,
author = {Wang, Zhen and Lin, Felix Xiaozhu and Zhong, Lin and Chishtie, Mansoor},
title = {Why are web browsers slow on smartphones?},
booktitle = {Proceedings of the 12th Workshop on Mobile Computing Systems and Applications},
series = {HotMobile '11},
year = {2011},
isbn = {978-1-4503-0649-2},
location = {Phoenix, Arizona},
pages = {91--96},
numpages = {6},
doi = {10.1145/2184489.2184508},
acmid = {2184508},
publisher = {ACM},
address = {New York, NY, USA},
}

@MISC{monkeyrunner,
title = {MonkeyRunner concepts},
url = {http://developer.android.com/tools/help/monkeyrunner_concepts.html}
}

\begin{comment}
@book{lamport94,
    author    = "Leslie Lamport",
    title     = "{\LaTeX: A Document Preparation System}",
    year      = "1994",
    publisher = "Addison-Wesley",
    edition = "2nd",
    address   = "Reading, Massachusetts"
}

@inproceedings{nicepaper,
  author = "Firstname1 Lastname1 and Firstname2 Lastname2",
  title = "A Very Nice Paper To Cite",
  year = "2000",
  booktitle = "International Symposium on Computer Architecture"
}

@inproceedings{nicepaper2,
  author = "Firstname1 Lastname1 and Firstname2 Lastname2",
  title = "Another Very Nice Paper To Cite",
  year = "2001",
  booktitle = "International Symposium on Computer Architecture"
}
\end{comment}
