@inproceedings{smartphonepower,
author = {Carroll, Aaron and Heiser, Gernot},
title = {An analysis of power consumption in a smartphone},
booktitle = {Proceedings of the 2010 USENIX conference on USENIX annual technical conference},
series = {USENIXATC'10},
year = {2010},
location = {Boston, MA},
pages = {21--21},
numpages = {1},
url = {http://dl.acm.org/citation.cfm?id=1855840.1855861},
acmid = {1855861},
publisher = {USENIX Association},
address = {Berkeley, CA, USA},
}

@INPROCEEDINGS{characterinteractive, 
author={Gutierrez, A. and Dreslinski, R.G. and Wenisch, T.F. and Mudge, T. and Saidi, A. and Emmons, C. and Paver, N.}, 
booktitle={Workload Characterization (IISWC), 2011 IEEE International Symposium on}, title={Full-system analysis and characterization of interactive smartphone applications}, 
year={2011}, 
month={nov.}, 
volume={}, 
number={}, 
pages={81 -90}, 
keywords={3D graphics;UI-intensive interactive application;Web browser performance;World Wide Web;annual unit shipments;characterization;computer architects;consumer computing device;current-generation mobile platform;dynamic web content;full-system analysis;high level software abstraction;interactive gaming;interactive smartphone application;microarchitectural behavior;mobile system designer;rapid market growth;representative smartphone application;responsive user interfaces;smartphone model;interactive devices;smart phones;user interfaces;}, 
doi={10.1109/IISWC.2011.6114205}, 
ISSN={},
location = {Los Alamitos, CA, USA},
}

@inproceedings{diversebehavior,
author = {Xu, Qiang and Erman, Jeffrey and Gerber, Alexandre and Mao, Zhuoqing and Pang, Jeffrey and Venkataraman, Shobha},
title = {Identifying diverse usage behaviors of smartphone apps},
booktitle = {Proceedings of the 2011 ACM SIGCOMM conference on Internet measurement conference},
series = {IMC '11},
year = {2011},
isbn = {978-1-4503-1013-0},
location = {Berlin, Germany},
pages = {329--344},
numpages = {16},
url = {http://doi.acm.org/10.1145/2068816.2068847},
doi = {10.1145/2068816.2068847},
acmid = {2068847},
publisher = {ACM},
address = {New York, NY, USA},
keywords = {app usage behavior, smartphone apps},
} 

@inproceedings{desktopTLP,
author = {Blake, Geoffrey and Dreslinski, Ronald G. and Mudge, Trevor and Flautner, Kriszti\'{a}n},
title = {Evolution of thread-level parallelism in desktop applications},
booktitle = {Proceedings of the 37th annual international symposium on Computer architecture},
series = {ISCA '10},
year = {2010},
isbn = {978-1-4503-0053-7},
location = {Saint-Malo, France},
pages = {302--313},
numpages = {12},
url = {http://doi.acm.org/10.1145/1815961.1816000},
doi = {10.1145/1815961.1816000},
acmid = {1816000},
publisher = {ACM},
address = {New York, NY, USA},
keywords = {benchmarking, desktop applications, multi-core, thread level parallelism},
}

@inproceedings{transactionbased,
author = {Zhao, Xia and Guo, Yao and Chen, Xiangqun},
title = {Transaction-based adaptive dynamic voltage scaling for interactive applications},
booktitle = {Proceedings of the 14th ACM/IEEE international symposium on Low power electronics and design},
series = {ISLPED '09},
year = {2009},
isbn = {978-1-60558-684-7},
location = {San Fancisco, CA, USA},
pages = {255--260},
numpages = {6},
url = {http://doi.acm.org/10.1145/1594233.1594294},
doi = {10.1145/1594233.1594294},
acmid = {1594294},
publisher = {ACM},
address = {New York, NY, USA},
keywords = {dynamic voltage and frequency scaling, interaction, scheduling},
} 

@inproceedings{decomposition,
author = {Choi, Kihwan and Soma, Ramakrishna and Pedram, Massoud},
title = {Dynamic voltage and frequency scaling based on workload decomposition},
booktitle = {Proceedings of the 2004 international symposium on Low power electronics and design},
series = {ISLPED '04},
year = {2004},
isbn = {1-58113-929-2},
location = {Newport Beach, California, USA},
pages = {174--179},
numpages = {6},
url = {http://doi.acm.org/10.1145/1013235.1013282},
doi = {10.1145/1013235.1013282},
acmid = {1013282},
publisher = {ACM},
address = {New York, NY, USA},
keywords = {dynamic voltage and frequency scaling, workload decomposition},
} 

@inproceedings{intothewild,
author = {Shye, Alex and Scholbrock, Benjamin and Memik, Gokhan},
title = {Into the wild: studying real user activity patterns to guide power optimizations for mobile architectures},
booktitle = {Proceedings of the 42nd Annual IEEE/ACM International Symposium on Microarchitecture},
series = {MICRO 42},
year = {2009},
isbn = {978-1-60558-798-1},
location = {New York, New York},
pages = {168--178},
numpages = {11},
url = {http://doi.acm.org/10.1145/1669112.1669135},
doi = {10.1145/1669112.1669135},
acmid = {1669135},
publisher = {ACM},
address = {New York, NY, USA},
} 

@inproceedings{packandcap,
author = {Cochran, Ryan and Hankendi, Can and Coskun, Ayse K. and Reda, Sherief},
title = {Pack \& Cap: adaptive DVFS and thread packing under power caps},
booktitle = {Proceedings of the 44th Annual IEEE/ACM International Symposium on Microarchitecture},
series = {MICRO-44 '11},
year = {2011},
isbn = {978-1-4503-1053-6},
location = {Porto Alegre, Brazil},
pages = {175--185},
numpages = {11},
url = {http://doi.acm.org/10.1145/2155620.2155641},
doi = {10.1145/2155620.2155641},
acmid = {2155641},
publisher = {ACM},
address = {New York, NY, USA},
} 

@inproceedings{redline,
author = {Yang, Ting and Liu, Tongping and Berger, Emery D. and Kaplan, Scott F. and Moss, J. Eliot B.},
title = {Redline: first class support for interactivity in commodity operating systems},
booktitle = {Proceedings of the 8th USENIX conference on Operating systems design and implementation},
series = {OSDI'08},
year = {2008},
location = {San Diego, California},
pages = {73--86},
numpages = {14},
url = {http://dl.acm.org/citation.cfm?id=1855741.1855747},
acmid = {1855747},
publisher = {USENIX Association},
address = {Berkeley, CA, USA},
} 

